@article{nata2014unfairness,
  title={Unfairness in access to higher education: a 11 year comparison of grade inflation by private and public secondary schools in Portugal},
  author={Nata, Gil and Pereira, Maria Jo{\~a}o and Neves, Tiago},
  journal={Higher Education},
  volume={68},
  pages={851--874},
  year={2014},
  publisher={Springer}
}

@misc{sapo2024,
  author       = {Diogo Camilo},
  title        = {Inflação de notas em mais de 30 mil avaliações finais: Colégios só deram 38 negativas},
  year         = {2024},
  month        = {July},
  day          = {12},
  url          = {https://rr.sapo.pt/especial/pais/2024/07/12/inflacao-de-notas-em-mais-de-30-mil-avaliacoes-finais-colegios-so-deram-38-negativas/385968/},
  urldate      = {2024-12-06},
  note         = {Accessed 6 December 2024}
}



@article{silva2025public,
  title={Public and Private School Grade Inflation Patterns in Secondary Education},
  author={Silva, Pedro Lu{\'\i}s and DesJardins, Stephen L and Biscaia, Ricardo and S{\'a}, Carla and Teixeira, Pedro N},
  journal={The BE Journal of Economic Analysis \& Policy},
  volume={25},
  number={2},
  pages={305--342},
  year={2025},
  publisher={De Gruyter}
}